<record><leader>00000cas a22000007a 4500</leader><controlfield tag="001">19753166</controlfield><controlfield tag="008">890523d19191933mouwr ne      0    0eng d</controlfield><datafield ind1=" " ind2=" " tag="010"><subfield code="a">sn 89066529 </subfield></datafield><datafield ind1=" " ind2=" " tag="040"><subfield code="a">MQN</subfield><subfield code="b">eng</subfield><subfield code="c">MQN</subfield><subfield code="d">OCLCQ</subfield></datafield><datafield ind1=" " ind2=" " tag="042"><subfield code="a">msc</subfield></datafield><datafield ind1="0" ind2=" " tag="130"><subfield code="a">Leader-journal (Peirce City, Mo.)</subfield></datafield><datafield ind1="1" ind2="4" tag="245"><subfield code="a">The leader-journal.</subfield></datafield><datafield ind1=" " ind2=" " tag="260"><subfield code="a">Peirce City [Pierce City], Lawrence County, Mo. :</subfield><subfield code="b">T.L. Tillman,</subfield><subfield code="c">1919-1933.</subfield></datafield><datafield ind1=" " ind2=" " tag="300"><subfield code="a">v.</subfield></datafield><datafield ind1=" " ind2=" " tag="310"><subfield code="a">Weekly</subfield></datafield><datafield ind1="0" ind2=" " tag="362"><subfield code="a">Vol. 14, no. 43 (Jan. 17, 1919)-v. 27, no. 20 (Aug. 24, 1933).</subfield></datafield><datafield ind1=" " ind2=" " tag="500"><subfield code="a">Spelling of town's name on masthead changed from Peirce to Pierce with issue for July 20, 1933.</subfield></datafield><datafield ind1=" " ind2=" " tag="515"><subfield code="a">Continues numbering of: Peirce City leader.</subfield></datafield><datafield ind1=" " ind2=" " tag="752"><subfield code="a">United States</subfield><subfield code="b">Missouri</subfield><subfield code="c">Lawrence</subfield><subfield code="d">Pierce City.</subfield></datafield><datafield ind1=" " ind2=" " tag="752"><subfield code="a">United States</subfield><subfield code="b">Missouri</subfield><subfield code="c">Lawrence</subfield><subfield code="d">Peirce City.</subfield></datafield><datafield ind1="0" ind2="4" tag="780"><subfield code="t">Peirce City leader</subfield><subfield code="w">(DLC)sn 89066528</subfield></datafield><datafield ind1="0" ind2="4" tag="780"><subfield code="t">Peirce City journal</subfield><subfield code="w">(DLC)sn 89066527</subfield></datafield><datafield ind1="0" ind2="0" tag="785"><subfield code="t">Pierce City leader-journal</subfield><subfield code="w">(DLC)sn 89066580</subfield></datafield></record>